%! Author = denuvo-drm
%! Date = 4/2/23

